<record><leader>00000cas a22000007a 4500</leader><controlfield tag="001">12952985</controlfield><controlfield tag="008">851223d18741874mtudn ne      0    0eng d</controlfield><datafield ind1=" " ind2=" " tag="010"><subfield code="a">sn 85053384 </subfield></datafield><datafield ind1=" " ind2=" " tag="040"><subfield code="a">MTL</subfield><subfield code="b">eng</subfield><subfield code="c">MTL</subfield><subfield code="d">OCLCQ</subfield></datafield><datafield ind1=" " ind2=" " tag="042"><subfield code="a">msc</subfield></datafield><datafield ind1="0" ind2=" " tag="130"><subfield code="a">Daily Madisonian (Virginia City, Mont.)</subfield></datafield><datafield ind1="1" ind2="4" tag="245"><subfield code="a">The Daily Madisonian.</subfield></datafield><datafield ind1=" " ind2=" " tag="260"><subfield code="a">Virginia City, Mont. :</subfield><subfield code="b">T. DeYarmon,</subfield><subfield code="c">1874.</subfield></datafield><datafield ind1=" " ind2=" " tag="300"><subfield code="a">1 v. ;</subfield><subfield code="c">50 cm.</subfield></datafield><datafield ind1=" " ind2=" " tag="310"><subfield code="a">Daily (except Mon.)</subfield></datafield><datafield ind1="0" ind2=" " tag="362"><subfield code="a">No. 1 (Jan. 6, 1874)-no. 35 (Feb. 14, 1874).</subfield></datafield><datafield ind1=" " ind2=" " tag="500"><subfield code="a">Published during the 1874 legislative session.</subfield></datafield><datafield ind1=" " ind2=" " tag="752"><subfield code="a">United States</subfield><subfield code="b">Montana</subfield><subfield code="c">Madison</subfield><subfield code="d">Virginia City.</subfield></datafield><datafield ind1="0" ind2=" " tag="775"><subfield code="t">Madisonian (Virginia City, Mont. : 1873)</subfield></datafield></record>